%%% Ejemplo de diferentes tipos de referencias blibliograficas

@electronic{Aphrodite,
  title  = {Proyect Aphrodite},
  url    = {https://www.airandspaceforces.com/PDF/MagazineArchive/Documents/1997/August%201997/0897valor.pdf},
  author = {John L. Frisbee},
  year   = {1997}
}

@electronic{CondorUAV,
  title  = {The Condor UAV System},
  url    = {https://www.diva-portal.org/smash/get/diva2:967389/FULLTEXT01.pdf},
  author = {Dennis Andr√© Ramirez Alavarez},
  year   = {2016}
}
@article{PersonFollowing,
  author={Vasconcelos, Francisca and Vasconcelos, Nuno},
  booktitle={2016 IEEE Winter Conference on Applications of Computer Vision (WACV)},
  title={Person-following UAVs}, 
  year={2016},
  volume={},
  number={},
  pages={1-9},
  keywords={Drones;Visualization;Programming;Computer architecture;Real-time systems;Computer vision;Detectors},
  doi={10.1109/WACV.2016.7477660},
  url={https://ieeexplore.ieee.org/abstract/document/7477660}
}


@article{AmazonPrimeAir,
  author={Jung, Sunghun and Kim, Hyunsu},
  year = {2017},
  month = {04},
  pages = {253-266},
  title = {Analysis of Amazon Prime Air UAV Delivery Service},
  volume = {12},
  journal = {Journal of Knowledge Information Technology and Systems},
  doi = {10.34163/jkits.2017.12.2.005},
  url={https://www.researchgate.net/publication/317389269_Analysis_of_Amazon_Prime_Air_UAV_Delivery_Service}
}

@article{QTOpt,
  author={Dmitry Kalashnikov and Alex Irpan and Peter Pastor and Julian Ibarz and Alexander Herzog,Eric Jang and Deirdre Quillen and Ethan Holly and Mrinal Kalakrishnan and Vincent Vanhoucke and Sergey Levine},
  title={QT-Opt: Scalable Deep Reinforcement Learning for Vision-Based Robotic Manipulation}, 
  year={2018},
  volume={},
  number={},
  pages={1-23},
  url={https://arxiv.org/abs/1806.10293}
}

@article{YOLOP,
  author={Wu Dong and Liao Man-Wen and Zhang Wei-Tian and Wang Xing-Gang and Bai Xiang and Cheng Wen-Qing and Liu Wen-Yu },
  year = {2012},
  month = {12},
  pages = {253-266},
  title = {YOLOP: You Only Look Once for Panoptic Driving Perception},
  volume = {19},
  journal = {Machine Intelligence Research},
  doi = {10.1007/s11633-022-1339-y},
  url={https://doi.org/10.1007/s11633-022-1339-y}
}



